% Polynomial Representations
@book{green,
series = {Lecture notes in mathematics (Springer-Verlag) ; 830},
publisher = {Springer},
isbn = {9783540469445},
year = {2007},
title = {Polynomial representations of $GL_n$},
edition = {2nd corr. and augm. ed.},
language = {eng},
address = {Berlin ; New York},
author = {Green, J. A. (James Alexander)},
keywords = {Linear algebraic groups; Symmetry groups; Representations of groups},
lccn = {2006934862},
}
@book{schur-thesis,
publisher = {s.n.,},
year = {1901},
title = {Über eine Klasse von Matrizen, die sich einer gegebenen Matrix zuordnen lassen},
author = {Schur, Issai},
keywords = {Matrices},
url = {http://hdl.handle.net/2027/hvd.32044091874271},
}
@inbook{schur-rational, 
place={Berlin, NY}, 
title={Über die rationalen Darstellungen der allgemeinen linearen Gruppe}, 
volume={3}, 
booktitle={Gesammelte Abhandlungen}, 
publisher={Springer-Verlag}, 
author={Schur, Issai}, 
year={1973}, 
pages={68–85},
}

@Article{friedlander-suslin,
author="Friedlander, Eric M.
and Suslin, Andrei",
title="Cohomology of finite group schemes over a field",
journal="Inventiones mathematicae",
year="1997",
month="Jan",
day="01",
volume="127",
number="2",
pages="209--270",
issn="1432-1297",
doi="10.1007/s002220050119",
url="https://doi.org/10.1007/s002220050119"
}

% Polynomial Functors
@article {krause-strict-poly-func,
    AUTHOR = {Krause, Henning},
     TITLE = {Koszul, {R}ingel and {S}erre duality for strict polynomial
              functors},
   JOURNAL = {Compos. Math.},
  FJOURNAL = {Compositio Mathematica},
    VOLUME = {149},
      YEAR = {2013},
    NUMBER = {6},
     PAGES = {996--1018},
      ISSN = {0010-437X},
   MRCLASS = {20G05 (18D10 18E30 20G10 20G45)},
  MRNUMBER = {3077659},
MRREVIEWER = {Jorge A. Vargas},
       URL = {https://doi.org/10.1112/S0010437X12000814},
}
@article {aquilino-reischuk,
    AUTHOR = {Aquilino, Cosima and Reischuk, Rebecca},
     TITLE = {The monoidal structure on strict polynomial functors},
   JOURNAL = {J. Algebra},
  FJOURNAL = {Journal of Algebra},
    VOLUME = {485},
      YEAR = {2017},
     PAGES = {213--229},
      ISSN = {0021-8693},
   MRCLASS = {18D10 (16T05 18A22 20M32)},
  MRNUMBER = {3659331},
MRREVIEWER = {Gabriella B\"{o}hm},
       DOI = {10.1016/j.jalgebra.2017.05.009},
       URL = {https://doi.org/10.1016/j.jalgebra.2017.05.009},
}

% Representations of Algebras
@article{brauer,
issn = {0027-8424},
journal = {Proceedings of the National Academy of Sciences of the United States of America},
volume = {25},
number = {5},
year = {1939},
title = {On modular and p-adic representations of algebras},
language = {eng},
author = {Brauer, R},
keywords = {Sciences (General);},
}
@article{green-locFinReps,
issn = {0021-8693},
journal = {Journal of Algebra},
pages = {137--171},
volume = {41},
publisher = {Elsevier Inc.},
number = {1},
year = {1976},
title = {Locally finite representations},
language = {eng},
author = {Green, J.A},
keywords = {Mathematics;},
}
@article {erdmann,
    AUTHOR = {Erdmann, Karin},
     TITLE = {Schur algebras of finite type},
   JOURNAL = {Quart. J. Math. Oxford Ser. (2)},
  FJOURNAL = {The Quarterly Journal of Mathematics. Oxford. Second Series},
    VOLUME = {44},
      YEAR = {1993},
    NUMBER = {173},
     PAGES = {17--41},
      ISSN = {0033-5606},
   MRCLASS = {16G60 (20C30)},
  MRNUMBER = {1206201},
MRREVIEWER = {Peter W. Donovan},
       DOI = {10.1093/qmath/44.1.17},
       URL = {https://doi.org/10.1093/qmath/44.1.17},
}
@misc{quiver-notes,
  author        = {William Crawley-Boevey},
  title         = {Lectures on Representations of Quivers},
  month         = {October},
  year          = {2019},
  url           = {https://www.math.uni-bielefeld.de/~wcrawley/quivlecs.pdf}
}
@book {bensonI,
    AUTHOR = {Benson, D. J.},
     TITLE = {Representations and cohomology. {I}},
    SERIES = {Cambridge Studies in Advanced Mathematics},
    VOLUME = {30},
   EDITION = {Second},
      NOTE = {Basic representation theory of finite groups and associative
              algebras},
 PUBLISHER = {Cambridge University Press, Cambridge},
      YEAR = {1998},
     PAGES = {xii+246},
      ISBN = {0-521-63653-1},
   MRCLASS = {20-02 (20Cxx 20J06)},
  MRNUMBER = {1644252},
}
@book {donkin-q-schur,
    AUTHOR = {Donkin, S.},
     TITLE = {The {$q$}-{S}chur algebra},
    SERIES = {London Mathematical Society Lecture Note Series},
    VOLUME = {253},
 PUBLISHER = {Cambridge University Press, Cambridge},
      YEAR = {1998},
     PAGES = {x+179},
      ISBN = {0-521-64558-1},
   MRCLASS = {20G42 (17B37 20C08)},
  MRNUMBER = {1707336},
MRREVIEWER = {Jie Du},
       DOI = {10.1017/CBO9780511600708},
       URL = {https://doi.org/10.1017/CBO9780511600708},
}
@book {waterhouse,
    AUTHOR = {Waterhouse, William C.},
     TITLE = {Introduction to affine group schemes},
    SERIES = {Graduate Texts in Mathematics},
    VOLUME = {66},
 PUBLISHER = {Springer-Verlag, New York-Berlin},
      YEAR = {1979},
     PAGES = {xi+164},
      ISBN = {0-387-90421-2},
   MRCLASS = {14-01 (14Lxx 20G99)},
  MRNUMBER = {547117},
MRREVIEWER = {M. Kh. Gizatullin},
}
@book {stanley,
    AUTHOR = {Stanley, Richard P.},
     TITLE = {Enumerative combinatorics. {V}olume 1},
    SERIES = {Cambridge Studies in Advanced Mathematics},
    VOLUME = {49},
   EDITION = {Second},
 PUBLISHER = {Cambridge University Press, Cambridge},
      YEAR = {2012},
     PAGES = {xiv+626},
      ISBN = {978-1-107-60262-5},
   MRCLASS = {05-02 (05A15 06-02)},
  MRNUMBER = {2868112},
}
@Article{weyl,
author="Weyl, H.",
title="Theorie der Darstellung kontinuierlicher halb-einfacher Gruppen durch lineare Transformationen. I",
journal="Mathematische Zeitschrift",
year="1925",
month="Dec",
day="01",
volume="23",
number="1",
pages="271--309",
issn="1432-1823",
doi="10.1007/BF01506234",
url="https://doi.org/10.1007/BF01506234"
}
@article{serre-chevalley,
     author = {Serre, Jean-Pierre},
     title = {Groupe de Grothendieck des sch\'emas en groupes r\'eductifs d\'eploy\'es},
     journal = {Publications Math\'ematiques de l'IH\'ES},
     publisher = {Institut des Hautes \'Etudes Scientifiques},
     volume = {34},
     year = {1968},
     pages = {37-52},
     zbl = {0195.50802},
     mrnumber = {38 \#159},
     language = {fr},
     url = {http://www.numdam.org/item/PMIHES_1968__34__37_0}
}

@article {balmer-spc,
    AUTHOR = {Balmer, Paul},
     TITLE = {The spectrum of prime ideals in tensor triangulated
              categories},
   JOURNAL = {J. Reine Angew. Math.},
  FJOURNAL = {Journal f\"ur die Reine und Angewandte Mathematik.},
    VOLUME = {588},
      YEAR = {2005},
     PAGES = {149--168},
      ISSN = {0075-4102},
   MRCLASS = {18E30 (55P99)},
  MRNUMBER = {2196732},
MRREVIEWER = {Amnon Neeman},
       DOI = {10.1515/crll.2005.2005.588.149},
       URL = {https://doi.org/10.1515/crll.2005.2005.588.149},
}

@article {friedlander-pevtsova-pi,
    AUTHOR = {Friedlander, Eric M. and Pevtsova, Julia},
     TITLE = {{$\Pi$}-supports for modules for finite group schemes},
   JOURNAL = {Duke Math. J.},
  FJOURNAL = {Duke Mathematical Journal},
    VOLUME = {139},
      YEAR = {2007},
    NUMBER = {2},
     PAGES = {317--368},
      ISSN = {0012-7094},
   MRCLASS = {14L15 (20C20 20J06)},
  MRNUMBER = {2352134},
MRREVIEWER = {Alan Koch},
       DOI = {10.1215/S0012-7094-07-13923-1},
       URL = {https://doi.org/10.1215/S0012-7094-07-13923-1},
}

@book {fulton-harris,
    AUTHOR = {Fulton, William and Harris, Joe},
     TITLE = {Representation theory},
    SERIES = {Graduate Texts in Mathematics},
    VOLUME = {129},
      NOTE = {A first course,
              Readings in Mathematics},
 PUBLISHER = {Springer-Verlag, New York},
      YEAR = {1991},
     PAGES = {xvi+551},
      ISBN = {0-387-97527-6; 0-387-97495-4},
   MRCLASS = {20G05 (17B10 20G20 22E46)},
  MRNUMBER = {1153249},
MRREVIEWER = {James E. Humphreys},
       DOI = {10.1007/978-1-4612-0979-9},
       URL = {https://doi.org/10.1007/978-1-4612-0979-9},
}